<?xml version="1.0" encoding="UTF-8"?><collection xmlns="http://www.loc.gov/MARC21/slim"><record><leader>00334nam--2200109-i-4500</leader><controlfield tag="001">000016766</controlfield><controlfield tag="002">20161230</controlfield><controlfield tag="005">20161230201031</controlfield><controlfield tag="008">060222s1000------------r-----000-0-eng-d</controlfield><datafield ind1=" " ind2=" " tag="245"><subfield code="a">Cambridge studies in modern optics. vol.4: optical instatilities. proceedings</subfield></datafield><datafield ind1=" " ind2=" " tag="260"><subfield code="a">Cambridge, Cambridge University Press, 1986</subfield></datafield><datafield ind1=" " ind2=" " tag="700"><subfield code="a">Boyd, Robert W</subfield></datafield></record></collection>